<?xml version="1.0" encoding="UTF-8"?>
<collection xmlns:xsi="http://www.w3.org/2001/XMLSchema-instance" xsi:schemaLocation="http://www.loc.gov/MARC21/slim http://www.loc.gov/standards/marcxml/schema/MARC21slim.xsd" xmlns="http://www.loc.gov/MARC21/slim">
<record>
  <leader>03777cam a22006131a 4500</leader>
  <controlfield tag="001">2770772</controlfield>
  <controlfield tag="003">NNC</controlfield>
  <controlfield tag="005">20160718164935.0</controlfield>
  <controlfield tag="008">870318r19651914iq            000 0 ara  </controlfield>
  <datafield tag="010" ind1=" " ind2=" ">
    <subfield code="a">ne 68004322 </subfield>
    <subfield code="z">   86168629 </subfield>
  </datafield>
  <datafield tag="019" ind1=" " ind2=" ">
    <subfield code="a">27927821</subfield>
  </datafield>
  <datafield tag="035" ind1=" " ind2=" ">
    <subfield code="a">(OCoLC)ocm15341137</subfield>
  </datafield>
  <datafield tag="035" ind1=" " ind2=" ">
    <subfield code="a">(OCoLC)15341137</subfield>
    <subfield code="z">(OCoLC)27927821</subfield>
  </datafield>
  <datafield tag="035" ind1=" " ind2=" ">
    <subfield code="a">(NNC)2770772</subfield>
  </datafield>
  <datafield tag="040" ind1=" " ind2=" ">
    <subfield code="a">DLC</subfield>
    <subfield code="b">eng</subfield>
    <subfield code="c">WAU</subfield>
    <subfield code="d">DLC</subfield>
    <subfield code="d">TEF</subfield>
    <subfield code="d">CUY</subfield>
    <subfield code="d">ORZ</subfield>
    <subfield code="d">IUL</subfield>
    <subfield code="d">OKU</subfield>
    <subfield code="d">OCLCA</subfield>
    <subfield code="d">OCLCQ</subfield>
    <subfield code="d">OCLCF</subfield>
    <subfield code="d">IUL</subfield>
  </datafield>
  <datafield tag="042" ind1=" " ind2=" ">
    <subfield code="a">premarc</subfield>
  </datafield>
  <datafield tag="043" ind1=" " ind2=" ">
    <subfield code="a">a-ir---</subfield>
    <subfield code="a">a------</subfield>
    <subfield code="a">f------</subfield>
  </datafield>
  <datafield tag="050" ind1="0" ind2="0">
    <subfield code="a">DS272</subfield>
    <subfield code="b">.I24</subfield>
  </datafield>
  <datafield tag="100" ind1="1" ind2=" ">
    <subfield code="6">880-01</subfield>
    <subfield code="a">Ibn Miskawayh, Aḥmad ibn Muḥammad,</subfield>
    <subfield code="d">-1030.</subfield>
  </datafield>
  <datafield tag="240" ind1="1" ind2="0">
    <subfield code="6">880-02</subfield>
    <subfield code="a">Tajārib al-umam</subfield>
  </datafield>
  <datafield tag="245" ind1="1" ind2="0">
    <subfield code="6">880-03</subfield>
    <subfield code="a">Kitāb tajārib al-umam /</subfield>
    <subfield code="c">li-Abī ʻAlī Aḥmad ibn Muḥammad al-maʻrūf bi-Miskawayh ; maʻ nukhab min tawārīkh shattā tataʻallaq bil-umūr al-madhkūrah fīhi wa-qad iʻtanā bil-naskh wa-al-taṣḥīḥ H.F. Āmidrūz.</subfield>
  </datafield>
  <datafield tag="246" ind1="3" ind2="0">
    <subfield code="6">880-04</subfield>
    <subfield code="a">Tajārib al-umam</subfield>
  </datafield>
  <datafield tag="246" ind1="1" ind2=" ">
    <subfield code="6">880-05</subfield>
    <subfield code="i">Vol. 3 has title:</subfield>
    <subfield code="a">Dhayl Kitāb tajārib al-umam</subfield>
  </datafield>
  <datafield tag="246" ind1="1" ind2="8">
    <subfield code="a">Tajärub al-umam</subfield>
  </datafield>
  <datafield tag="246" ind1="1" ind2=" ">
    <subfield code="i">Vol. 3 has spine title:</subfield>
    <subfield code="a">Dhail tajärub al-umam</subfield>
  </datafield>
  <datafield tag="260" ind1=" " ind2=" ">
    <subfield code="6">880-06</subfield>
    <subfield code="a">Baghdād :</subfield>
    <subfield code="b">Yuṭlab min Maktabat al-Muthanná,</subfield>
    <subfield code="c">[1965?]</subfield>
  </datafield>
  <datafield tag="300" ind1=" " ind2=" ">
    <subfield code="a">4 volumes in 3. ;</subfield>
    <subfield code="c">25 cm</subfield>
  </datafield>
  <datafield tag="336" ind1=" " ind2=" ">
    <subfield code="a">text</subfield>
    <subfield code="b">txt</subfield>
    <subfield code="2">rdacontent</subfield>
  </datafield>
  <datafield tag="337" ind1=" " ind2=" ">
    <subfield code="a">unmediated</subfield>
    <subfield code="b">n</subfield>
    <subfield code="2">rdamedia</subfield>
  </datafield>
  <datafield tag="338" ind1=" " ind2=" ">
    <subfield code="a">volume</subfield>
    <subfield code="b">nc</subfield>
    <subfield code="2">rdacarrier</subfield>
  </datafield>
  <datafield tag="500" ind1=" " ind2=" ">
    <subfield code="a">On cover, v. 3-4: History of Hiläl as-Säbi (part 8), by Hiläl ibn al-Muhassin as-Sabi.</subfield>
  </datafield>
  <datafield tag="500" ind1=" " ind2=" ">
    <subfield code="a">Photoreproduction of the 1914-19 ed., prepared by H.F. Amedroz and D.S. Margoliouth, and published in Cairo.</subfield>
  </datafield>
  <datafield tag="505" ind1="0" ind2=" ">
    <subfield code="6">880-07</subfield>
    <subfield code="a">juzʼ 1. Sanat 295-329 h. -- juzʼ 2. Sanat 329-369 h. -- juzʼ 3-4. Dhayl Kitāb tajārib al-umam, lil-wazīr Abī Shujāʻ, sanat 369-389 h. al-Juzʼ al-thāmin min Taʼrīkh Hilāl ibn al-Muḥassin al-Ṣābī, sanat 389-393 h. 2 v. in 1.</subfield>
  </datafield>
  <datafield tag="651" ind1=" " ind2="0">
    <subfield code="a">Iran</subfield>
    <subfield code="x">History.</subfield>
  </datafield>
  <datafield tag="651" ind1=" " ind2="0">
    <subfield code="a">Islamic Empire</subfield>
    <subfield code="x">History.</subfield>
  </datafield>
  <datafield tag="651" ind1=" " ind2="7">
    <subfield code="a">Iran.</subfield>
    <subfield code="2">fast</subfield>
    <subfield code="0">(OCoLC)fst01204889</subfield>
  </datafield>
  <datafield tag="651" ind1=" " ind2="7">
    <subfield code="a">Islamic Empire.</subfield>
    <subfield code="2">fast</subfield>
    <subfield code="0">(OCoLC)fst01244134</subfield>
  </datafield>
  <datafield tag="655" ind1=" " ind2="7">
    <subfield code="a">History.</subfield>
    <subfield code="2">fast</subfield>
    <subfield code="0">(OCoLC)fst01411628</subfield>
  </datafield>
  <datafield tag="700" ind1="1" ind2=" ">
    <subfield code="6">880-08</subfield>
    <subfield code="a">Rūdhrāwarī, Abū Shujāʻ Muḥammad ibn al-Ḥusayn,</subfield>
    <subfield code="d">1045-1095.</subfield>
  </datafield>
  <datafield tag="700" ind1="1" ind2=" ">
    <subfield code="6">880-09</subfield>
    <subfield code="a">Ṣābī, Hilāl ibn al-Muḥassin,</subfield>
    <subfield code="d">970-1056.</subfield>
  </datafield>
  <datafield tag="700" ind1="1" ind2=" ">
    <subfield code="a">Amedroz, H. F.</subfield>
    <subfield code="q">(Henry Frederick),</subfield>
    <subfield code="d">1855-1917.</subfield>
  </datafield>
  <datafield tag="700" ind1="1" ind2=" ">
    <subfield code="a">Margoliouth, D. S.</subfield>
    <subfield code="q">(David Samuel),</subfield>
    <subfield code="d">1858-1940.</subfield>
  </datafield>
  <datafield tag="740" ind1="0" ind2=" ">
    <subfield code="a">History of Hiläl as-Säbi.</subfield>
  </datafield>
  <datafield tag="776" ind1="0" ind2="8">
    <subfield code="i">Online version:</subfield>
    <subfield code="a">Ibn Miskawayh, Aḥmad ibn Muḥammad, -1030.</subfield>
    <subfield code="t">Kitāb tajārib al-umam.</subfield>
    <subfield code="d">Baghdād, yuṭlab min Maktabat al-Muthanná [1965?]</subfield>
    <subfield code="w">(OCoLC)568502065</subfield>
  </datafield>
  <datafield tag="880" ind1="1" ind2=" ">
    <subfield code="6">100-01/r</subfield>
    <subfield code="a">ابن مسكويه، احمد بن محمد،,</subfield>
    <subfield code="d">-1030.</subfield>
  </datafield>
  <datafield tag="880" ind1="1" ind2="0">
    <subfield code="6">240-02/r</subfield>
    <subfield code="a">تجارب الأمم.</subfield>
    <subfield code="k">مختارات</subfield>
  </datafield>
  <datafield tag="880" ind1="1" ind2="0">
    <subfield code="6">245-03/r</subfield>
    <subfield code="a">كتاب تجارب الامم /</subfield>
    <subfield code="c">لأبي علي احمد بن محمد المعروف بمسكوية ؛ مع نخب من تواريخ شتى تتعلق بالامور المذكورة فيه وقد اعتنى بالنسخ و التصحيح ه. ف. آمدروز.</subfield>
  </datafield>
  <datafield tag="880" ind1="3" ind2="0">
    <subfield code="6">246-04/r</subfield>
    <subfield code="a">تجارب الامم</subfield>
  </datafield>
  <datafield tag="880" ind1="1" ind2=" ">
    <subfield code="6">246-05/r</subfield>
    <subfield code="i">Vol. 3 has title:</subfield>
    <subfield code="a">ذيل كتاب تجارب الامم</subfield>
  </datafield>
  <datafield tag="880" ind1=" " ind2=" ">
    <subfield code="6">260-06/r</subfield>
    <subfield code="a">بغداد :</subfield>
    <subfield code="b">يطلب من مكتبة المثنى،</subfield>
    <subfield code="c">[1965؟]</subfield>
  </datafield>
  <datafield tag="880" ind1="0" ind2=" ">
    <subfield code="6">505-07/r</subfield>
    <subfield code="a">جزء 1. سنة 295-329 هـ -- جزء 2. سنة 329-369 هـ -- جزء 3-4. ذيل كتاب تجارب الامم، للوزير ابي شجاع، سنة 369-389 هـ. الجزء الثامن من تأريخ هلال بن المحسن الصابي، سنة 389-393 هـ.</subfield>
  </datafield>
  <datafield tag="880" ind1="1" ind2=" ">
    <subfield code="6">700-08/r</subfield>
    <subfield code="a">روذراوري، ابو شجاع محمد بن الحسين،</subfield>
    <subfield code="d">1045-1095.</subfield>
  </datafield>
  <datafield tag="880" ind1="1" ind2=" ">
    <subfield code="6">700-09/r</subfield>
    <subfield code="a">صابي، هلال بن المحسن،,</subfield>
    <subfield code="d">970-1056.</subfield>
  </datafield>
  <datafield tag="955" ind1=" " ind2=" ">
    <subfield code="b">CU02648881</subfield>
    <subfield code="d">off,glx</subfield>
    <subfield code="e">DS272 .I24</subfield>
    <subfield code="v">v.1</subfield>
  </datafield>
</record>
</collection>